@PhdThesis{art:rif.1,
author = {Teo Wei Ling Michelle},
title = {A BitTorrent Implementation and Simulation},
school = {},
year = {},
OPTkey = {},
OPTtype = {},
OPTaddress = {},
OPTmonth = {},
OPTnote = {},
OPTannote = {}
}

@InCollection{site:rif.1,
author = {Sun},
title = {Concurrency in Swing},
booktitle = {Java Tutorials},
OPTcrossref = {},
OPTkey = {},
OPTpages = {},
OPTpublisher = {},
OPTyear = {},
OPTeditor = {},
OPTvolume = {},
OPTnumber = {},
OPTseries = {},
OPTtype = {},
OPTchapter = {},
OPTaddress = {},
OPTedition = {},
OPTmonth = {},
OPTnote = {},
OPTannote = {}
}
